%test
@inbook{sommerville2019architecture, 
    place={Hoboken, NJ}, 
    title={Chapter 4: Software Architecture},
    booktitle={Engineering software products: an introduction to modern software engineering}, publisher={Pearson Education, Inc.}, 
    author={Sommerville, Ian}, 
    year={2019}
}